@article{leastsq,
    author =       "Mathias Pelka",
    pages =        "1--3",
    title = "Position Calculation with Least Squares based on Distance Measurements",
    journal =       "Lübeck University of Applied Sciences: Technical Report 2015; 2",
    year =         "2015",
    keywords =     "distance measurements"
}
@article{leastsq2,
    author = "M. Pelka, C. Bollmeyer, and H. Hellbrück",
    title = "Indoor Localization based on Bi-Phase Measurements for Wireless Sensor Networks",
    journal = "IEEE Wireless Communications and Networking Conference
                (WCNC): - Track 3: Mobile and Wireless Networks (IEEE WCNC
                2015 - Track 3- Mobile and Wireless Networks), New Orleans, USA,
                Mar. 2015"
}
@article{vr,
    author = "E. Lukosiunas and V. Bulbenkiene and A. Andziulis and L. Pasiestis and E. Artemciukas",
    title = "An ultrasonic tracking method for augmented reality",
    journal = "Klapeda University, Department of Informatics Engineering"   
}

@article{yonei,
    author = "Shinyoung Yi and Hojung Cha",
    title = "An Active Tracking System using IEEE 802.15.4-based Ultrasonic Sensor Devices",
    journal = "Department of Computer Science, Yonsei University Seodaemun-gu, Shinchon-dong 134, Seoul 120-749, Korea {mainwork,hjcha}@cs.yonsei.ac.kr"
}

@article{murphy,
    author = "Willy Hereman and William S. Murphy, Jr.",
    title = "Determination of a Position in Three Dimensions Using Trilateration and Approximate distances",
    journal = "Department of Mathematical and Computer Sciences, Colorado School of Mines"
}

@article{csharp,
    author = "Wikipedia",
    title = "CSharp",
    url = "https://bg.wikipedia.org/wiki/C_Sharp"
}

@article{vs,
    author = "Wikipedia",
    title = "Visual Studio",
    url = "https://bg.wikipedia.org/wiki/Microsoft_Visual_Studio"
}

@article{helix,
    title ="Helix Toolkit 3D",
    url = "https://github.com/helix-toolkit/helix-toolkit/wiki/Getting-started-with-WPF-3D",
    author = "Oystein Bjorke"
}

@article{quickgraph,
    title = "QuickGraph",
    url = "https://quickgraph.codeplex.com/"
}